<record><leader>00000cas a22000007a 4500</leader><controlfield tag="001">30575736</controlfield><controlfield tag="008">940609d190u1910ctuwr ne      0    0eng d</controlfield><datafield ind1=" " ind2=" " tag="010"><subfield code="a">sn 94053092 </subfield></datafield><datafield ind1=" " ind2=" " tag="040"><subfield code="a">CNW</subfield><subfield code="b">eng</subfield><subfield code="c">CNW</subfield><subfield code="d">OCLCQ</subfield><subfield code="d">OCLCF</subfield><subfield code="d">OCLCO</subfield></datafield><datafield ind1="1" ind2=" " tag="029"><subfield code="a">AU@</subfield><subfield code="b">000021313511</subfield></datafield><datafield ind1=" " ind2=" " tag="042"><subfield code="a">msc</subfield></datafield><datafield ind1=" " ind2=" " tag="043"><subfield code="a">n-us-ct</subfield></datafield><datafield ind1="0" ind2=" " tag="130"><subfield code="a">Shelton booster (Shelton, Conn.)</subfield></datafield><datafield ind1="1" ind2="4" tag="245"><subfield code="a">The Shelton booster.</subfield></datafield><datafield ind1=" " ind2=" " tag="260"><subfield code="a">Shelton, Conn. :</subfield><subfield code="b">O.S. Freeman</subfield></datafield><datafield ind1=" " ind2=" " tag="300"><subfield code="a">v.</subfield></datafield><datafield ind1=" " ind2=" " tag="310"><subfield code="a">Weekly,</subfield><subfield code="b">May 7-Nov. 1910</subfield></datafield><datafield ind1=" " ind2=" " tag="321"><subfield code="a">Monthly,</subfield><subfield code="b">&lt;Oct. 1909&gt;-Apr. 1910</subfield></datafield><datafield ind1="0" ind2=" " tag="362"><subfield code="a">-v. 2, no. 30 (Nov. 12, 1910).</subfield></datafield><datafield ind1=" " ind2=" " tag="530"><subfield code="a">Also issued on microfilm from Connecticut State Library, Hartford, CT.</subfield></datafield><datafield ind1=" " ind2=" " tag="588"><subfield code="a">Description based on: Vol. 1, no. 11 (Oct. 1909).</subfield></datafield><datafield ind1=" " ind2="0" tag="651"><subfield code="a">Shelton (Conn.)</subfield><subfield code="v">Newspapers.</subfield></datafield><datafield ind1=" " ind2="7" tag="655"><subfield code="a">Newspapers.</subfield><subfield code="2">fast</subfield><subfield code="0">(OCoLC)fst01423814</subfield></datafield><datafield ind1=" " ind2="7" tag="651"><subfield code="a">Connecticut</subfield><subfield code="z">Shelton.</subfield><subfield code="2">fast</subfield><subfield code="0">(OCoLC)fst01224873</subfield></datafield><datafield ind1=" " ind2=" " tag="752"><subfield code="a">United States</subfield><subfield code="b">Connecticut</subfield><subfield code="c">Fairfield</subfield><subfield code="d">Shelton.</subfield></datafield><datafield ind1="0" ind2="0" tag="785"><subfield code="t">Shelton times</subfield><subfield code="w">(DLC)sn 94053093</subfield></datafield></record>